<record><leader>00000cas a2200000 a 4500</leader><controlfield tag="001">10462449</controlfield><controlfield tag="008">840227u193uuuuutxumr nea     0   b0spa c</controlfield><datafield ind1=" " ind2=" " tag="010"><subfield code="a">sc 84007770 </subfield></datafield><datafield ind1=" " ind2=" " tag="040"><subfield code="a">IUL</subfield><subfield code="b">eng</subfield><subfield code="c">IUL</subfield><subfield code="d">DLC</subfield><subfield code="d">IUL</subfield><subfield code="d">OCLCQ</subfield><subfield code="d">OCLCF</subfield><subfield code="d">OCLCO</subfield><subfield code="d">IUL</subfield><subfield code="d">OCLCO</subfield><subfield code="d">OCL</subfield><subfield code="d">OCLCO</subfield><subfield code="d">OCLCQ</subfield><subfield code="d">OCLCA</subfield></datafield><datafield ind1=" " ind2=" " tag="012"><subfield code="a">2</subfield></datafield><datafield ind1=" " ind2=" " tag="042"><subfield code="a">pcc</subfield></datafield><datafield ind1=" " ind2=" " tag="043"><subfield code="a">n-us-tx</subfield></datafield><datafield ind1=" " ind2="4" tag="050"><subfield code="a">BX8947.T3</subfield><subfield code="b">E3</subfield></datafield><datafield ind1="0" ind2=" " tag="130"><subfield code="a">Eco (Kingsville, Tex.)</subfield></datafield><datafield ind1="1" ind2="3" tag="245"><subfield code="a">El eco.</subfield></datafield><datafield ind1=" " ind2=" " tag="260"><subfield code="a">Kingsville, Tex. :</subfield><subfield code="b">C.C. Acevedo</subfield></datafield><datafield ind1=" " ind2=" " tag="300"><subfield code="a">volumes</subfield></datafield><datafield ind1=" " ind2=" " tag="310"><subfield code="a">Monthly</subfield></datafield><datafield ind1=" " ind2=" " tag="336"><subfield code="a">text</subfield><subfield code="b">txt</subfield><subfield code="2">rdacontent</subfield></datafield><datafield ind1=" " ind2=" " tag="337"><subfield code="a">microform</subfield><subfield code="b">h</subfield><subfield code="2">rdamedia</subfield></datafield><datafield ind1=" " ind2=" " tag="338"><subfield code="a">microfilm reel</subfield><subfield code="b">hd</subfield><subfield code="2">rdacarrier</subfield></datafield><datafield ind1=" " ind2=" " tag="515"><subfield code="a">Some months combined.</subfield></datafield><datafield ind1=" " ind2=" " tag="588"><subfield code="a">Description based on: Nu&#769;m. prog. 19 (jul. 1 de 1933); title from caption.</subfield></datafield><datafield ind1=" " ind2=" " tag="588"><subfield code="a">Latest issue consulted: Epoca III, nu&#769;m. prog. 100 (diciembre y enero de 1941-1942).</subfield></datafield><datafield ind1=" " ind2=" " tag="533"><subfield code="a">Microfilm.</subfield><subfield code="b">Montreat, N.C. :</subfield><subfield code="b">Historical Foundation of the Presbyterian and Reformed Churches,</subfield><subfield code="e">microfilm reels ; 35 mm.</subfield></datafield><datafield ind1=" " ind2="0" tag="650"><subfield code="a">Presbyterian Church</subfield><subfield code="z">Texas, South</subfield><subfield code="v">Newspapers.</subfield></datafield><datafield ind1=" " ind2="0" tag="650"><subfield code="a">Hispanic Americans</subfield><subfield code="z">Texas</subfield><subfield code="v">Newspapers.</subfield></datafield><datafield ind1=" " ind2="0" tag="651"><subfield code="a">Kingsville (Tex.)</subfield><subfield code="v">Newspapers.</subfield></datafield><datafield ind1=" " ind2="7" tag="650"><subfield code="a">Hispanic Americans.</subfield><subfield code="2">fast</subfield><subfield code="0">(OCoLC)fst00957523</subfield></datafield><datafield ind1=" " ind2="7" tag="650"><subfield code="a">Presbyterian Church.</subfield><subfield code="2">fast</subfield><subfield code="0">(OCoLC)fst01075515</subfield></datafield><datafield ind1=" " ind2="7" tag="651"><subfield code="a">Texas.</subfield><subfield code="2">fast</subfield><subfield code="0">(OCoLC)fst01210336</subfield></datafield><datafield ind1=" " ind2="7" tag="651"><subfield code="a">Texas</subfield><subfield code="z">Kingsville.</subfield><subfield code="2">fast</subfield><subfield code="0">(OCoLC)fst01205335</subfield></datafield><datafield ind1=" " ind2="7" tag="651"><subfield code="a">Texas, South.</subfield><subfield code="2">fast</subfield><subfield code="0">(OCoLC)fst01692671</subfield></datafield><datafield ind1=" " ind2="7" tag="655"><subfield code="a">Newspapers.</subfield><subfield code="2">fast</subfield><subfield code="0">(OCoLC)fst01423814</subfield></datafield><datafield ind1="0" ind2="8" tag="776"><subfield code="i">Print version:</subfield><subfield code="t">Eco (Kingsville, Tex.)</subfield><subfield code="w">(OCoLC)11058979</subfield></datafield><datafield ind1="0" ind2="8" tag="776"><subfield code="i">Online version:</subfield><subfield code="t">Eco (Kingsville, Tex.)</subfield><subfield code="w">(OCoLC)744634218</subfield></datafield><datafield ind1="0" ind2="0" tag="780"><subfield code="t">Accio&#769;n (Kingsville, Tex.)</subfield><subfield code="w">(DLC)sn 86026356</subfield><subfield code="w">(OCoLC)14687535</subfield></datafield></record>